<?xml version="1.0" encoding="UTF-8"?><collection xmlns="http://www.loc.gov/MARC21/slim"><record><leader>00561nam--2200181-u-4500</leader><controlfield tag="001">000050928</controlfield><controlfield tag="002">20161230</controlfield><controlfield tag="005">20161230201049</controlfield><controlfield tag="008">080422s1000------------r-----000-0-rum-d</controlfield><datafield ind1=" " ind2=" " tag="040"><subfield code="a">IFIN-HH</subfield></datafield><datafield ind1=" " ind2=" " tag="041"><subfield code="a">rum</subfield></datafield><datafield ind1="1" ind2=" " tag="100"><subfield code="a">Tantareanu, Mircea Ovidiu Catalin</subfield></datafield><datafield ind1="1" ind2="0" tag="245"><subfield code="a">Teorii de camp pe spatii curbe: Superenergie si tensori Killing. Teza</subfield><subfield code="b">Teza</subfield><subfield code="c">Mircea Ovidiu Catalin Tintareanu</subfield></datafield><datafield ind1=" " ind2=" " tag="260"><subfield code="a">Bucuresti</subfield><subfield code="b">Ifa</subfield><subfield code="c">2007</subfield></datafield><datafield ind1=" " ind2=" " tag="300"><subfield code="a">137 p</subfield></datafield><datafield ind1=" " ind2=" " tag="502"><subfield code="a">Conducator de doctorat Prof. Dr. Mihai Visinescu</subfield></datafield><datafield ind1=" " ind2=" " tag="852"><subfield code="a">82083</subfield><subfield code="c">530.12</subfield></datafield><datafield ind1=" " ind2=" " tag="CAT"><subfield code="a">Sys</subfield><subfield code="c">20110324</subfield><subfield code="h">124956</subfield></datafield></record></collection>